@book{mackay2003information,
  title={Information theory, inference and learning algorithms},
  author={MacKay, David JC},
  year={2003},
  publisher={Cambridge university press}
}

# perceived internet risks globally
@article{knuutila2020global,
  title={Global Fears of Disinformation: Perceived Internet and Social Media Harms in 142 Countries},
  author={Knuutila, Aleksi and Neudert, Lisa-Maria and Howard, Philip N},
  journal={COMPROP Data Memo},
  year={2020}
}

# risk perception modeling using logistic regression
@article{knuutilaafraid,
  title={Who is afraid of fake news? Modeling risk perceptions of misinformation in 142 countries},
  author={Knuutila, Aleksi and Neudert, Lisa-Maria and Howard, Philip N},
  journal={Harvard Kennedy School (HKS) Misinformation Review.},
  url={https://doi.org/10.37016/mr-2020-97},
  year=2020,
}

# on fears of expressing opinion on social media
@article{weeks2024too,
  title={Too scared to share? Fear of social sanctions for political expression on social media},
  author={Weeks, Brian E and Halversen, Audrey and Neubaum, German},
  journal={Journal of Computer-Mediated Communication},
  year={2024},
  publisher={Oxford University Press}
}

# lrf world risk poll dataset
@misc{lrf_data,
  author = {},
  title = {{World Risk Poll}},
  howpublished = "\url{https://wrp.lrfoundation.org.uk/data-resources/}",
  year = {2024}, 
  note = "[Online; accessed 10-Jan-2024]"
}

# cps internet supplement data
@misc{cps_internet_data,
  author = {},
  title = {{CPS Computer and Internet Use Supplement}},
  howpublished = "\url{https://www.census.gov/data/datasets/time-series/demo/cps/cps-supp_cps-repwgt/cps-computer.html}",
  year = {2024}, 
  note = "[Online; accessed 10-Jan-2024]"
}

@Misc{bayesian_opt,
    author = {Fernando Nogueira},
    title = {{Bayesian Optimization}: Open source constrained global optimization tool for {Python}},
    year = {2014},
    url = " https://github.com/fmfn/BayesianOptimization"
}

@inproceedings{Chen_2016, series={KDD ’16},
   title={XGBoost: A Scalable Tree Boosting System},
   url={http://dx.doi.org/10.1145/2939672.2939785},
   booktitle={Proceedings of the 22nd ACM SIGKDD International Conference on Knowledge Discovery and Data Mining},
   publisher={ACM},
   author={Chen, Tianqi and Guestrin, Carlos},
   year={2016},
   month=aug, collection={KDD ’16} }

@misc{poverty_thresholds,
  author = {US Govt.},
  title = {{2021 Poverty Guidelines}},
  howpublished = "\url{https://aspe.hhs.gov/2021-poverty-guidelines}",
  year = {2024}, 
}

https://finance.yahoo.com/news/income-considered-poverty-level-2023-130051437.html
@misc{poverty_thresholds_yahoo,
  author = {Yahoo},
  title = {{Income for poverty level}},
  howpublished = "\url{https://finance.yahoo.com/news/income-considered-poverty-level-2023-130051437.html}",
  year = {2024}, 
}